<?xml version="1.0" encoding="UTF-8"?><record xmlns="http://www.loc.gov/MARC21/slim" xmlns:cinclude="http://apache.org/cocoon/include/1.0" xmlns:zs="http://www.loc.gov/zing/srw/">
  <leader>00521nz  a2200157n  4500</leader>
  <controlfield tag="001">no2002067549</controlfield>
  <controlfield tag="003">DLC</controlfield>
  <controlfield tag="005">20020730052247.0</controlfield>
  <controlfield tag="008">020729n| acannaabn          |n ana     c</controlfield>
  <datafield tag="010" ind1=" " ind2=" ">
    <subfield code="a">no2002067549</subfield>
  </datafield>
  <datafield tag="035" ind1=" " ind2=" ">
    <subfield code="a">(OCoLC)oca05824008</subfield>
  </datafield>
  <datafield tag="040" ind1=" " ind2=" ">
    <subfield code="a">MoSpS-AV</subfield>
    <subfield code="b">eng</subfield>
    <subfield code="c">MoSpS-AV</subfield>
  </datafield>
  <datafield tag="110" ind1="2" ind2=" ">
    <subfield code="a">First Circle Films</subfield>
  </datafield>
  <datafield tag="670" ind1=" " ind2=" ">
    <subfield code="a">Yeltsin [VR] c2000:</subfield>
    <subfield code="b">end credits (First Circle Films)</subfield>
  </datafield>
  <datafield tag="670" ind1=" " ind2=" ">
    <subfield code="a">OCLC, Nov. 9, 2001:</subfield>
    <subfield code="b">(hdg.: First Circle Films ; usage: First Circle Films)</subfield>
  </datafield>
  <datafield tag="670" ind1=" " ind2=" ">
    <subfield code="a">PBS WWW Home page, Nov. 9, 2001:</subfield>
    <subfield code="b">(First Circle Films)</subfield>
  </datafield>
</record>